 @misc{who_pneumonia, 
 title={Pneumonia}, 
 url={https://www.who.int/news-room/fact-sheets/detail/pneumonia}, journal={World Health Organization}, 
 publisher={World Health Organization}
 }
 
 @article{neuman2012variability,
  title={Variability in the interpretation of chest radiographs for the diagnosis of pneumonia in children},
  author={Neuman, Mark I and Lee, Edward Y and Bixby, Sarah and Diperna, Stephanie and Hellinger, Jeffrey and Markowitz, Richard and Servaes, Sabah and Monuteaux, Michael C and Shah, Samir S},
  journal={Journal of hospital medicine},
  volume={7},
  number={4},
  pages={294--298},
  year={2012},
  publisher={Wiley Online Library}
}

@article{williams2013variability,
  title={Variability and accuracy in interpretation of consolidation on chest radiography for diagnosing pneumonia in children under 5 years of age},
  author={Williams, Gabrielle J and Macaskill, Petra and Kerr, Marianne and Fitzgerald, Dominic A and Isaacs, David and Codarini, Miriam and McCaskill, Mary and Prelog, Kristina and Craig, Jonathan C},
  journal={Pediatric Pulmonology},
  volume={48},
  number={12},
  pages={1195--1200},
  year={2013},
  publisher={Wiley Online Library}
}
 
@article{chowdhury2020can,
  title={Can AI help in screening viral and COVID-19 pneumonia?},
  author={Chowdhury, Muhammad EH and Rahman, Tawsifur and Khandakar, Amith and Mazhar, Rashid and Kadir, Muhammad Abdul and Mahbub, Zaid Bin and Islam, Khandakar Reajul and Khan, Muhammad Salman and Iqbal, Atif and Al Emadi, Nasser and others},
  journal={IEEE Access},
  volume={8},
  pages={132665--132676},
  year={2020},
  publisher={IEEE}
}

@article{waheed2020covidgan,
  title={Covidgan: data augmentation using auxiliary classifier gan for improved covid-19 detection},
  author={Waheed, Abdul and Goyal, Muskan and Gupta, Deepak and Khanna, Ashish and Al-Turjman, Fadi and Pinheiro, Pl{\'a}cido Rogerio},
  journal={Ieee Access},
  volume={8},
  pages={91916--91923},
  year={2020},
  publisher={IEEE}
}

@article{brunese2020explainable,
  title={Explainable deep learning for pulmonary disease and coronavirus COVID-19 detection from X-rays},
  author={Brunese, Luca and Mercaldo, Francesco and Reginelli, Alfonso and Santone, Antonella},
  journal={Computer Methods and Programs in Biomedicine},
  volume={196},
  pages={105608},
  year={2020},
  publisher={Elsevier}
}

@article{narin2021automatic,
  title={Automatic detection of coronavirus disease (covid-19) using x-ray images and deep convolutional neural networks},
  author={Narin, Ali and Kaya, Ceren and Pamuk, Ziynet},
  journal={Pattern Analysis and Applications},
  volume={24},
  number={3},
  pages={1207--1220},
  year={2021},
  publisher={Springer}
}

@article{farooq2020covid,
  title={Covid-resnet: A deep learning framework for screening of covid19 from radiographs},
  author={Farooq, Muhammad and Hafeez, Abdul},
  journal={arXiv preprint arXiv:2003.14395},
  year={2020}
}

@article{wang2020covid,
  title={Covid-net: A tailored deep convolutional neural network design for detection of covid-19 cases from chest x-ray images},
  author={Wang, Linda and Lin, Zhong Qiu and Wong, Alexander},
  journal={Scientific Reports},
  volume={10},
  number={1},
  pages={1--12},
  year={2020},
  publisher={Nature Publishing Group}
}

@article{zhang2020covid,
  title={Covid-19 screening on chest x-ray images using deep learning based anomaly detection},
  author={Zhang, Jianpeng and Xie, Yutong and Li, Yi and Shen, Chunhua and Xia, Yong},
  journal={arXiv preprint arXiv:2003.12338},
  volume={27},
  year={2020}
}

@article{albahli2021ai,
  title={AI-driven deep CNN approach for multi-label pathology classification using chest X-Rays},
  author={Albahli, Saleh and Rauf, Hafiz Tayyab and Algosaibi, Abdulelah and Balas, Valentina Emilia},
  journal={PeerJ Computer Science},
  volume={7},
  pages={e495},
  year={2021},
  publisher={PeerJ Inc.}
}

@article{albahli2021identification,
  title={Identification of thoracic diseases by exploiting deep neural networks},
  author={Albahli, Saleh and Rauf, Hafiz Tayyab and Arif, Muhammad and Nafis, Md Tabrez and Algosaibi, Abdulelah},
  journal={Neural Netw},
  volume={5},
  number={6},
  year={2021}
}

 @misc{kolas_2022, 
 title={3 kinds of pneumonia}, url={https://www.kaggle.com/datasets/artyomkolas/3-kinds-of-pneumonia}, journal={Kaggle}, author={Kolas, Artsiom}, year={2022}, month={5}} 

@inproceedings{tan2019efficientnet,
  title={Efficientnet: Rethinking model scaling for convolutional neural networks},
  author={Tan, Mingxing and Le, Quoc},
  booktitle={International conference on machine learning},
  pages={6105--6114},
  year={2019},
  organization={PMLR}
}

@inproceedings{deng2009imagenet,
  title={Imagenet: A large-scale hierarchical image database},
  author={Deng, Jia and Dong, Wei and Socher, Richard and Li, Li-Jia and Li, Kai and Fei-Fei, Li},
  booktitle={2009 IEEE conference on computer vision and pattern recognition},
  pages={248--255},
  year={2009},
  organization={Ieee}
}